@book{molnar2019,
  title      = {Interpretable Machine Learning},
  author     = {Christoph Molnar},
  note       = {\url{https://christophm.github.io/interpretable-ml-book/}},
  year       = {2019},
  subtitle   = {A Guide for Making Black Box Models Explainable}
}

@misc{south-german-credit-ds ,
author = "Ulrike Gr√∂mping",
year = "2019",
title = "South German Credit Data: Correcting a Widely Used Data Set",
url = "https://archive.ics.uci.edu/ml/datasets/South+German+Credit+%28UPDATE%29",
institution = "Beuth University of Applied Sciences Berlin" }

@misc{miller2018explanation,
      title={Explanation in Artificial Intelligence: Insights from the Social Sciences}, 
      author={Tim Miller},
      year={2018},
      eprint={1706.07269},
      archivePrefix={arXiv},
      primaryClass={cs.AI}
}

@inproceedings{NIPS2016_5680522b,
 author = {Kim, Been and Khanna, Rajiv and Koyejo, Oluwasanmi O},
 booktitle = {Advances in Neural Information Processing Systems},
 editor = {D. Lee and M. Sugiyama and U. Luxburg and I. Guyon and R. Garnett},
 pages = {},
 publisher = {Curran Associates, Inc.},
 title = {Examples are not enough, learn to criticize! Criticism for Interpretability},
 url = {https://proceedings.neurips.cc/paper/2016/file/5680522b8e2bb01943234bce7bf84534-Paper.pdf},
 volume = {29},
 year = {2016}
}